@inproceedings{2014-PalmRejection,
  title={Probabilistic palm rejection using spatiotemporal touch features and iterative classification},
  author={Schwarz, Julia and Xiao, Robert and Mankoff, Jennifer and Hudson, Scott E and Harrison, Chris},
  booktitle={Proceedings of the SIGCHI Conference on Human Factors in Computing Systems},
  pages={2009--2012},
  year={2014}
}

